@article {Skinner969,
	author = {Skinner, B. F.},
	title = {Teaching Machines},
	volume = {128},
	number = {3330},
	pages = {969--977},
	year = {1958},
	doi = {10.1126/science.128.3330.969},
	publisher = {American Association for the Advancement of Science},
	issn = {0036-8075},
	URL = {http://science.sciencemag.org/content/128/3330/969},
	eprint = {http://science.sciencemag.org/content/128/3330/969.full.pdf},
	journal = {Science}
}
